<?xml version="1.0" encoding="UTF-8"?><record xmlns="http://www.loc.gov/MARC21/slim" xmlns:cinclude="http://apache.org/cocoon/include/1.0" xmlns:zs="http://www.loc.gov/zing/srw/">
  <leader>00642cz  a2200157n  4500</leader>
  <controlfield tag="001">n  86826030 </controlfield>
  <controlfield tag="003">DLC</controlfield>
  <controlfield tag="005">20100511074706.0</controlfield>
  <controlfield tag="008">860509n| acannaabn          |n aaa     c</controlfield>
  <datafield tag="010" ind1=" " ind2=" ">
    <subfield code="a">n  86826030 </subfield>
    <subfield code="z">no2009077400</subfield>
  </datafield>
  <datafield tag="035" ind1=" " ind2=" ">
    <subfield code="a">(OCoLC)oca01577213</subfield>
  </datafield>
  <datafield tag="040" ind1=" " ind2=" ">
    <subfield code="a">MH</subfield>
    <subfield code="b">eng</subfield>
    <subfield code="c">MH</subfield>
    <subfield code="d">Uk</subfield>
    <subfield code="d">CtY</subfield>
    <subfield code="d">DLC</subfield>
  </datafield>
  <datafield tag="100" ind1="1" ind2=" ">
    <subfield code="a">Rothschild, Thomas</subfield>
  </datafield>
  <datafield tag="670" ind1=" " ind2=" ">
    <subfield code="a">Von grossen und von kleinen Zeiten, 1981:</subfield>
    <subfield code="b">t.p. (Thomas Rothschild) facing t.p. (Dr. phil., b. 1942 Glasgow, teaches Univ. Stuttgart)</subfield>
  </datafield>
  <datafield tag="670" ind1=" " ind2=" ">
    <subfield code="a">LC data base, 3-24-86</subfield>
    <subfield code="b">(hdg.: Rothschild, Thomas)</subfield>
  </datafield>
  <datafield tag="670" ind1=" " ind2=" ">
    <subfield code="a">De.Wikipedia, May 19, 2009</subfield>
    <subfield code="b">(Thomas Rothschild is a British-Austrian prof. of literature b. July 3, 1942)</subfield>
  </datafield>
</record>